% Encoding: UTF-8

@Article{gmsh,
  author  = {Christophe Geuzaine \& Jean-François Remacle},
  title   = {Gmsh: A 3-D finite element mesh generator with built-in pre-\& post-processing facilities},
  journal = {International Journal for Numerical Methods in Engineering},
  year    = {2009},
  volume  = {79},
  number  = {11},
}

@Article{brazilian_test,
  author  = {ASTM D3967--16},
  title   = {Standard Test Method for Splitting Tensile Strength of Intact Rock Core Specimens},
  journal = {ASTM International},
  year    = {2016},
}

@Misc{scipy-lectures,
  author = {Gaël Varoquaux \& Emmanuelle Gouillart \& Olav Vahtras},
  title  = {Getting started with Python for science, en Scipy Lecture Notes},
  year   = {2016},
 url    = {http://www.scipy-lectures.org/intro/index.html},
}

@Misc{avdis2012,
  author = {Avdis, A. \& S. L. Mouradian},
  title  = {A Gmsh tutorial},
  year   = {2012},
  url    = {https://albertsk.files.wordpress.com/2012/12/gmsh_tutorial.pdf},
}

@Misc{gmsh-tutorial,
  author = {Christophe Geuzaine \& Jean-François Remacle},
  title  = {Gmsh tutorial},
  year   = {2017},
  url    = {http://gmsh.info/doc/texinfo/gmsh.html#Tutorial},
}

@Misc{gmsh-screencast,
  author = {Christophe Geuzaine \& Jean-François Remacle},
  title  = {Gmsh Screencasts},
  year   = {2017},
  url    = {http://gmsh.info/screencasts/},
}

@Misc{SIATA_acelerografica,
  author = {SIATA: Sistema de Alerta Temprana del valle de Aburrá},
  title  = {Estaciones Acelerográficas del valle de {Aburrá}},
  year   = {2017},
  note   = {Disponible en \url{https://siata.gov.co/gposada/sismicidad/estaciones_acel.csv}.},
}

@Book{AIS2009,
  title     = {Estudio General de Amenaza Sísmica de Colombia},
  publisher = {Asociación Colombiana de Ingeniería Sísmica},
  year      = {2009},
  author    = {Comité AIS-300: Amenaza Sísmica},
  month     = sep,
  abstract  = {Este informe presenta el resumen de los resultados de la investigación realizada por el 
Comité AIS‐300, bajo la coordinación de Omar Darío Cardona A. y la asesoría de Mario 
Gustavo  Ordaz  S.  con  el  apoyo  técnico  y  científico  de  la  Universidad de los Andes, la 
Universidad  Nacional  de  Colombia  y  la  Universidad  EAFIT.  El  propósito  de  la 
investigación  ha  sido  la  actualización  del  estudio  publicado  en  1996,  con  el  fin  de 
aportar  los  valores  de  amenaza  sísmica  para  todos  los  municipios  de  Colombia 
requeridos  para  la  expedición  de  la  nueva  versión  del  reglamento  de  construcción 
sismo  resistente  de  las  Normas  Colombianas  de  Diseño  y  Construcción  Sismo 
Resistente, NSR‐10.},
  keywords  = {Amenaza sísmica; Colombia; Tectónica; Sismicidad; Mapas de amenaza sísmica; Ingeniería sísmica; Diseño y construcción sismorresistente; Código sísmico de edificiaciones},
}

@Book{book:programming_computations,
  title     = {Programming for Computations--Python},
  publisher = {Springer},
  year      = {2016},
  author    = {Linge, Svein and Langtangen, Hans Petter},
  isbn      = {978-3-319-32428-9},
  comment   = {“The book uses programming to impart a deeper understanding of the pragmatic meaning of some of the mathematics most frequently used in engineering and the sciences. … This very good introductory textbook could be used in a variety of courses. A motivated reader with knowledge of calculus could easily use it for self-study. I highly recommend it.” (David Naugler, Computing Reviews, February, 2017)
“This book is intended for novice programmers, especially students, teachers, engineers and scientists from areas related to mathematics and numerical mathematics. … each treated concept is illustrated and explained in detail by means of working examples. On the basis of exercises, the reader is given the opportunity to deepen acquired knowledge. … The clear presentation and the large number of concrete examples, often with a graphical output, make this book ideally suited for self-study and ensures a quick success.” (Stefan Meyer, zbMATH 1350.68003, 2017)},
  doi       = {10.1007/978-3-319-32428-9},
}

@Book{book:velten-modeling,
  title     = {Mathematical modeling and simulation: introduction for scientists and engineers},
  publisher = {John Wiley \& Sons},
  year      = {2009},
  author    = {Velten, Kai},
}

@Book{book:gordon-structures,
  title     = {Structures: or why things don't fall down},
  publisher = {Da Capo Press},
  year      = {2003},
  author    = {Gordon, James Edward},
}

@Booklet{how_to_FEM,
  title     = {How to Model with Finite Elements},
  author    = {D. Baguley, D.R Hose},
  year      = {1997},
  publisher = {NAFEMS}
}

@Book{book:langtangen2016scaling,
  title     = {Scaling of Differential Equations},
  publisher = {Springer},
  year      = {2016},
  author    = {Langtangen, Hans Petter and Pedersen, Geir K},
}

@Book{book:first_fem,
	title     = {A first course in finite elements},
	author    = {Fish, Jacob and Belytschko, Ted},
	volume    = {1},
	year      = {2007},
	publisher = {John Wiley \& Sons New York}
}


@Article{clough65,
	title   = {Finite element stiffness matrices for analysis of plates in bending},
	author  = {Clough, R. W. },
	journal = {Proceedings of the 1st Conference on Matrix Methods in Structural Mechanics},
	year    ={1965}
}

@Article{turner56,
	author  = {MJ Turner},
	title   = {Stiffness and deflection analysis of complex structures},
	journal = {Journal of the Aeronautical Sciences},
	volume  = {23},
	number  = {9},
	year    = {1956},
	pages   = {805-823}
}

@Book{book:bathe,
	author    = {Bathe, Klaus-Jürgen},
	title     = {Finite element procedures},
	publisher = {Klaus-Jürgen Bathe},
	year      = {2006}
}


@Book{book:hughes,
	author    = {Hughes, Thomas JR},
	title     = {The finite element method: linear static and dynamic finite element analysis},
	publisher = {Courier {C}orporation},
	year      = {2012}
}


@Book{book:reddy,
	author    = {Reddy, Junuthula Narasimha},
	title     = {An introduction to the finite element method},
	publisher = {McGraw-Hill Education},
	edition   = {4},
	year      = {2018}
}

@Book{book:zienkiewicz,
	author    = {Zienkiewicz, Olek C., and Robert L. Taylor},
	title     = {The Finite Element Method: Its basis and fundamentals},
	publisher = {Butterworth-Heinemann},
	edition   = {7},
	year      = {2013}
}


@book{fenics,
	title     = {Automated solution of differential equations by the finite element method: The FEniCS book},
	author    = {Logg, Anders and Mardal, Kent-Andre and Wells, Garth},
	volume    = {84},
	year      = {2012},
	publisher = {Springer Science \& Business Media}
}


@book{pyfem,
	title     = {Nonlinear finite element analysis of solids and structures},
	author    = {Crisfield, Mike A and Remmers, Joris JC and Verhoosel, Clemens V and others},
	year      = {2012},
	publisher = {John Wiley \& Sons}
}


@article{sfepy,
	title   = {SfePy-write your own FE application},
	author  = {Cimrman, Robert},
	journal = {arXiv preprint arXiv:1404.6391},
	year    = {2014}
}

@misc{wiki:suzanne,
    author = "Wikimedia Commons",
    title = "File:Suzanne.svg --- Wikimedia Commons{,} the free media repository",
    year = "2011",
    url = "\url{https://commons.wikimedia.org/w/index.php?title=File:Suzanne.svg&oldid=56988286}",
    note = "Fecha de acceso: 13 de septiembre de 2018"
}

@misc{wiki:encendedor,
    author = "Wikimedia Commons",
    title = "File:Blender-yafray-render-lighter.png --- Wikimedia Commons{,} the free media repository",
    year = "2015",
    url = "\url{https://commons.wikimedia.org/w/index.php?title=File:Blender-yafray-render-lighter.png&oldid=174403871}",
    note = "Fecha de acceso: 13 de septiembre de 2018"
}

@article{geomodelr,
	title   = {Geomodelr, una herramienta novedosa para la creación de modelos hidrogeológicos conceptuales},
    author  = {D. Giraldo and R. Serrano and D. Álvarez and M. Jaramillo and G. Borda},
    journal = {Sexto congreso de Hidrogeología},
    year    = {2018}
}

@MastersThesis{thesis:borda2017,
  author = {G. Borda},
  title  = {Modelo Hidrogeológico del Potencial Acuífero de la Formación Socha Inferior, Úmbita, Boyacá},
  school = {Universidad Nacional de Colombia},
  year   = {2017},
}

@Comment{jabref-meta: databaseType:bibtex;}
